@article{batch,
	title={Batch normalization: accelerating deep network training by reducing internal covariate shift. arXiv e-prints},
	author={Ioffe, Sergey and Szegedy, Christian},
	year={2015},
	publisher={Citeseer}
}

@article{dqn,
	title={Playing atari with deep reinforcement learning},
	author={Mnih, Volodymyr and Kavukcuoglu, Koray and Silver, David and Graves, Alex and Antonoglou, Ioannis and Wierstra, Daan and Riedmiller, Martin},
	journal={arXiv preprint arXiv:1312.5602},
	year={2013}
}

@inproceedings{duelling,
	title={Dueling network architectures for deep reinforcement learning},
	author={Wang, Ziyu and Schaul, Tom and Hessel, Matteo and Hasselt, Hado and Lanctot, Marc and Freitas, Nando},
	booktitle={International conference on machine learning},
	pages={1995--2003},
	year={2016},
	organization={PMLR}
}

@article{ddpg,
	title={Continuous control with deep reinforcement learning},
	author={Lillicrap, Timothy P and Hunt, Jonathan J and Pritzel, Alexander and Heess, Nicolas and Erez, Tom and Tassa, Yuval and Silver, David and Wierstra, Daan},
	journal={arXiv preprint arXiv:1509.02971},
	year={2015}
}

@article{maddpg,
	title={Multi-agent actor-critic for mixed cooperative-competitive environments},
	author={Lowe, Ryan and Wu, Yi and Tamar, Aviv and Harb, Jean and Abbeel, Pieter and Mordatch, Igor},
	journal={arXiv preprint arXiv:1706.02275},
	year={2017}
}

@article{eaqr,
	title={EAQR: A multiagent Q-Learning algorithm for coordination of multiple agents},
	author={Zhang, Zhen and Wang, Dongqing},
	journal={Complexity},
	volume={2018},
	year={2018},
	publisher={Hindawi}
}

@article{prioritized,
	title={Prioritized experience replay},
	author={Schaul, Tom and Quan, John and Antonoglou, Ioannis and Silver, David},
	journal={arXiv preprint arXiv:1511.05952},
	year={2015}
}